<?xml version="1.0"?>
<marc:collection xmlns:marc="http://www.loc.gov/MARC21/slim" xmlns:xsi="http://www.w3.org/2001/XMLSchema-instance" xsi:schemaLocation="http://www.loc.gov/MARC21/slim http://www.loc.gov/standards/marcxml/schema/MARC21slim.xsd">
   <marc:record type="Bibliographic">
      <marc:leader>02014cam a2200421 a 4500</marc:leader>
      <marc:controlfield tag="001">1150219</marc:controlfield>
      <marc:controlfield tag="003">NjP</marc:controlfield>
      <marc:controlfield tag="005">20120905101632.0</marc:controlfield>
      <marc:controlfield tag="008">970618q19001909mr            000 0 ara d</marc:controlfield>
      <marc:datafield tag="024" ind1="7" ind2=" ">
         <marc:subfield code="a">princeton_aco000015</marc:subfield>
         <marc:subfield code="2">local</marc:subfield>
      </marc:datafield>
      <marc:datafield tag="035" ind1=" " ind2=" ">
         <marc:subfield code="a">(OCoLC)37243135</marc:subfield>
      </marc:datafield>
      <marc:datafield tag="035" ind1=" " ind2=" ">
         <marc:subfield code="a">(OCoLC)ocn176726746</marc:subfield>
      </marc:datafield>
      <marc:datafield tag="035" ind1=" " ind2=" ">
         <marc:subfield code="a">(OCoLC)176726746</marc:subfield>
      </marc:datafield>
      <marc:datafield tag="035" ind1=" " ind2=" ">
         <marc:subfield code="a">(CStRLIN)NJPG97-B34521</marc:subfield>
      </marc:datafield>
      <marc:datafield tag="035" ind1=" " ind2=" ">
         <marc:subfield code="9">CCP9351TS</marc:subfield>
      </marc:datafield>
      <marc:datafield tag="035" ind1=" " ind2=" ">
         <marc:subfield code="a">(NjP)1150219</marc:subfield>
      </marc:datafield>
      <marc:datafield tag="040" ind1=" " ind2=" ">
         <marc:subfield code="a">NjP</marc:subfield>
         <marc:subfield code="c">PUL</marc:subfield>
         <marc:subfield code="d">PUL</marc:subfield>
      </marc:datafield>
      <marc:datafield tag="049" ind1=" " ind2=" ">
         <marc:subfield code="a">PULL</marc:subfield>
      </marc:datafield>
      <marc:datafield tag="079" ind1=" " ind2=" ">
         <marc:subfield code="a">ocm37243135</marc:subfield>
      </marc:datafield>
      <marc:datafield tag="100" ind1="1" ind2=" ">
         <marc:subfield code="6">880-01</marc:subfield>
         <marc:subfield code="a">Manya&#x304;ri&#x304;, Muh&#x323;ammad Lamufad&#x323;d&#x323;al bin Laghima&#x304;ri&#x304;.</marc:subfield>
      </marc:datafield>
      <marc:datafield tag="240" ind1="1" ind2="0">
         <marc:subfield code="6">880-02</marc:subfield>
         <marc:subfield code="a">Khatmat al-Manya&#x304;ri&#x304; &#x2BB;ala&#x301; Tuh&#x323;fat al-h&#x323;ukka&#x304;m</marc:subfield>
      </marc:datafield>
      <marc:datafield tag="245" ind1="1" ind2="0">
         <marc:subfield code="6">880-03</marc:subfield>
         <marc:subfield code="a">Khatmat al-faqi&#x304;h al-&#x2BB;alla&#x304;mah al-mudarris al-Sayyid Muh&#x323;ammad Lamufad&#x323;d&#x323;al bin Laghima&#x304;ri&#x304; al-H&#x323;ari&#x304;zi&#x304; al-Manya&#x304;ri&#x304; qa&#x304;d&#x323;i&#x304; qabi&#x304;lat al-Zaya&#x304;di&#x304;yah &#x2BB;ala&#x301; Tuh&#x323;fat al-h&#x323;ukka&#x304;m li-Abi&#x304; &#x2BB;A&#x304;s&#x323;im.</marc:subfield>
      </marc:datafield>
      <marc:datafield tag="260" ind1=" " ind2=" ">
         <marc:subfield code="6">880-04</marc:subfield>
         <marc:subfield code="a">[Morocco? :</marc:subfield>
         <marc:subfield code="b">s.n.,</marc:subfield>
         <marc:subfield code="c">190-?]</marc:subfield>
      </marc:datafield>
      <marc:datafield tag="300" ind1=" " ind2=" ">
         <marc:subfield code="a">8, 8, 8 p. ;</marc:subfield>
         <marc:subfield code="c">23 cm.</marc:subfield>
      </marc:datafield>
      <marc:datafield tag="500" ind1=" " ind2=" ">
         <marc:subfield code="a">Title from colophon.</marc:subfield>
      </marc:datafield>
      <marc:datafield tag="600" ind1="1" ind2="0">
         <marc:subfield code="6">880-05</marc:subfield>
         <marc:subfield code="a">Ibn &#x2BB;A&#x304;s&#x323;im, Muh&#x323;ammad ibn Muh&#x323;ammad,</marc:subfield>
         <marc:subfield code="d">1359-1426.</marc:subfield>
         <marc:subfield code="t">Tuh&#x323;fat al-h&#x323;ukka&#x304;m fi&#x304; nukat al-&#x2BB;uqu&#x304;d wa-al-ah&#x323;ka&#x304;m.</marc:subfield>
      </marc:datafield>
      <marc:datafield tag="650" ind1=" " ind2="0">
         <marc:subfield code="a">Contracts (Islamic law)</marc:subfield>
      </marc:datafield>
      <marc:datafield tag="650" ind1=" " ind2="0">
         <marc:subfield code="a">Judgments (Islamic law)</marc:subfield>
      </marc:datafield>
      <marc:datafield tag="650" ind1=" " ind2="0">
         <marc:subfield code="a">Malikites.</marc:subfield>
      </marc:datafield>
      <marc:datafield tag="655" ind1=" " ind2="7">
         <marc:subfield code="a">Lithographs</marc:subfield>
         <marc:subfield code="z">Morocco</marc:subfield>
         <marc:subfield code="2">gmgpc</marc:subfield>
      </marc:datafield>
      <marc:datafield tag="880" ind1="1" ind2=" ">
         <marc:subfield code="6">100-01/r</marc:subfield>
         <marc:subfield code="a">&#x645;&#x646;&#x64A;&#x627;&#x631;&#x64A;&#x60C; &#x645;&#x62D;&#x645;&#x62F; &#x644;&#x645;&#x641;&#x636;&#x644; &#x628;&#x646; &#x644;&#x63A;&#x645;&#x627;&#x631;&#x64A;.</marc:subfield>
      </marc:datafield>
      <marc:datafield tag="880" ind1="1" ind2="0">
         <marc:subfield code="6">240-02/r</marc:subfield>
         <marc:subfield code="a">&#x62E;&#x62A;&#x645;&#x629; &#x627;&#x644;&#x645;&#x646;&#x64A;&#x627;&#x631;&#x64A; &#x639;&#x644;&#x649; &#x62A;&#x62D;&#x641;&#x629; &#x627;&#x644;&#x62D;&#x643;&#x627;&#x645;</marc:subfield>
      </marc:datafield>
      <marc:datafield tag="880" ind1="1" ind2="0">
         <marc:subfield code="6">245-03/r</marc:subfield>
         <marc:subfield code="a">&#x62E;&#x62A;&#x645;&#x629; &#x627;&#x644;&#x641;&#x642;&#x64A;&#x647; &#x627;&#x644;&#x639;&#x644;&#x627;&#x645;&#x629; &#x627;&#x644;&#x645;&#x62F;&#x631;&#x633; &#x627;&#x644;&#x633;&#x64A;&#x62F; &#x645;&#x62D;&#x645;&#x62F; &#x644;&#x645;&#x641;&#x636;&#x644; &#x628;&#x646; &#x644;&#x63A;&#x645;&#x627;&#x631;&#x64A; &#x627;&#x644;&#x62D;&#x631;&#x64A;&#x632;&#x64A; &#x627;&#x644;&#x645;&#x646;&#x64A;&#x627;&#x631;&#x64A; &#x642;&#x627;&#x636;&#x64A; &#x642;&#x628;&#x64A;&#x644;&#x629; &#x627;&#x644;&#x632;&#x64A;&#x627;&#x62F;&#x64A;&#x629; &#x639;&#x644;&#x649; &#x62A;&#x62D;&#x641;&#x629; &#x627;&#x644;&#x62D;&#x643;&#x627;&#x645; &#x644;&#x627;&#x628;&#x64A; &#x639;&#x627;&#x635;&#x645;.</marc:subfield>
      </marc:datafield>
      <marc:datafield tag="880" ind1=" " ind2=" ">
         <marc:subfield code="6">260-04/r</marc:subfield>
         <marc:subfield code="a">[&#x627;&#x644;&#x645;&#x63A;&#x631;&#x628;&#x61F; :</marc:subfield>
         <marc:subfield code="b">s.n.&#x60C; -</marc:subfield>
         <marc:subfield code="c">190&#x61F;]</marc:subfield>
      </marc:datafield>
      <marc:datafield tag="880" ind1="1" ind2="0">
         <marc:subfield code="6">600-05/r</marc:subfield>
         <marc:subfield code="a">&#x627;&#x628;&#x646; &#x639;&#x627;&#x635;&#x645;&#x60C; &#x645;&#x62D;&#x645;&#x62F; &#x628;&#x646; &#x645;&#x62D;&#x645;&#x62F;&#x60C;</marc:subfield>
         <marc:subfield code="d">1359-1426.</marc:subfield>
         <marc:subfield code="t">&#x62A;&#x62D;&#x641;&#x629; &#x627;&#x644;&#x62D;&#x643;&#x627;&#x645; &#x641;&#x64A; &#x646;&#x643;&#x629; &#x627;&#x644;&#x639;&#x642;&#x648;&#x62F; &#x648;&#x627;&#x644;&#x627;&#x62D;&#x643;&#x627;&#x645;.</marc:subfield>
      </marc:datafield>
      <marc:datafield tag="998" ind1=" " ind2=" ">
         <marc:subfield code="a">06/18/97</marc:subfield>
         <marc:subfield code="s">9114</marc:subfield>
         <marc:subfield code="n">NjP</marc:subfield>
         <marc:subfield code="d">06/18/97</marc:subfield>
         <marc:subfield code="c">JEB</marc:subfield>
         <marc:subfield code="b">JEB</marc:subfield>
         <marc:subfield code="i">970618</marc:subfield>
         <marc:subfield code="l">NJPG</marc:subfield>
      </marc:datafield>
      <marc:datafield tag="911" ind1=" " ind2=" ">
         <marc:subfield code="a">19970626</marc:subfield>
      </marc:datafield>
      <marc:datafield tag="912" ind1=" " ind2=" ">
         <marc:subfield code="a">20000201040800.0</marc:subfield>
      </marc:datafield>
      <marc:datafield tag="994" ind1=" " ind2=" ">
         <marc:subfield code="a">C0</marc:subfield>
         <marc:subfield code="b">PUL</marc:subfield>
      </marc:datafield>
      <marc:datafield tag="999" ind1=" " ind2=" ">
         <marc:subfield code="a">1150219</marc:subfield>
      </marc:datafield>
   </marc:record>
</marc:collection>
